<?xml version="1.0" encoding="UTF-8"?><record xmlns="http://www.loc.gov/MARC21/slim" xmlns:cinclude="http://apache.org/cocoon/include/1.0" xmlns:zs="http://www.loc.gov/zing/srw/">
  <leader>00509cz  a2200157n  4500</leader>
  <controlfield tag="001">n  80003073 </controlfield>
  <controlfield tag="003">DLC</controlfield>
  <controlfield tag="005">20090219075700.0</controlfield>
  <controlfield tag="008">800129n| acannaabn          |a aaa      </controlfield>
  <datafield tag="010" ind1=" " ind2=" ">
    <subfield code="a">n  80003073 </subfield>
  </datafield>
  <datafield tag="035" ind1=" " ind2=" ">
    <subfield code="a">(OCoLC)oca00385748</subfield>
  </datafield>
  <datafield tag="040" ind1=" " ind2=" ">
    <subfield code="a">DLC</subfield>
    <subfield code="b">eng</subfield>
    <subfield code="c">DLC</subfield>
    <subfield code="d">OCoLC</subfield>
  </datafield>
  <datafield tag="100" ind1="1" ind2=" ">
    <subfield code="a">Lang-Becker, Elke</subfield>
  </datafield>
  <datafield tag="400" ind1="1" ind2=" ">
    <subfield code="a">Becker, Elke Lang-</subfield>
  </datafield>
  <datafield tag="670" ind1=" " ind2=" ">
    <subfield code="a">Her Szenentypus u. Musik in Rameaus trageĚdie lyrique, 1978:</subfield>
    <subfield code="b">t.p. (Elke Lang-Becker)</subfield>
  </datafield>
  <datafield tag="670" ind1=" " ind2=" ">
    <subfield code="a">Her Debussy Nocturnes, c1982:</subfield>
    <subfield code="b">t.p. (Elke Lang-Becker) p. 53 (b. 1944)</subfield>
  </datafield>
</record>